@techreport{CERN-LHCC-2022-005,
      collaboration = "ATLAS",
      title         = "{ATLAS Software and Computing HL-LHC Roadmap}",
      institution   = "CERN",
      reportNumber  = "CERN-LHCC-2022-005, LHCC-G-182",
      address       = "Geneva",
      year          = "2022",
      url           = "https://cds.cern.ch/record/2802918",
}

@misc{nanobind,
   author = {Wenzel Jakob},
   year = {2022},
   note = {https://github.com/wjakob/nanobind},
   title = {nanobind: tiny and efficient C++/Python bindings}
}
